@article{do2011web,
  title={Web-based genome-wide association study identifies two novel loci and a substantial genetic component for Parkinson's disease},
  author={Do, Chuong B and Tung, Joyce Y and Dorfman, Elizabeth and Kiefer, Amy K and Drabant, Emily M and Francke, Uta and Mountain, Joanna L and Goldman, Samuel M and Tanner, Caroline M and Langston, J William and others},
  journal={PLoS genetics},
  volume={7},
  number={6},
  pages={e1002141},
  year={2011},
  publisher={Public Library of Science}
}

@article{Ohlheiser,
  title={They turn to Facebook and YouTube to find a cure for cancer - and get sucked into a world of bogus medicine},
  author={Ohlheiser, Abby},
  journal={The Washington Post},
  year={June 2019},
}
